<?xml version="1.0" encoding="UTF-8"?><collection xmlns="http://www.loc.gov/MARC21/slim"><record><leader>00287nam--2200109-i-4500</leader><controlfield tag="001">000041116</controlfield><controlfield tag="002">20161230</controlfield><controlfield tag="005">20161230201043</controlfield><controlfield tag="008">060222s1000------------r-----000-0-eng-d</controlfield><datafield ind1=" " ind2=" " tag="245"><subfield code="a">Semiconductor devices. vol.2:transistors</subfield></datafield><datafield ind1=" " ind2=" " tag="260"><subfield code="a">London, The General Electric Co.,Ltd.,1961</subfield></datafield><datafield ind1=" " ind2=" " tag="852"><subfield code="a">18277</subfield></datafield></record></collection>